<record><leader>00000cas a22000007a 4500</leader><controlfield tag="001">18154841</controlfield><controlfield tag="008">880630d18881909ohuwr ne      0    0eng d</controlfield><datafield ind1=" " ind2=" " tag="010"><subfield code="a">sn 88077615 </subfield></datafield><datafield ind1=" " ind2=" " tag="040"><subfield code="a">ONP</subfield><subfield code="b">eng</subfield><subfield code="c">ONP</subfield><subfield code="d">OCLCQ</subfield></datafield><datafield ind1=" " ind2=" " tag="042"><subfield code="a">msc</subfield></datafield><datafield ind1="0" ind2=" " tag="130"><subfield code="a">Democratic herald (Circleville, Ohio)</subfield></datafield><datafield ind1="1" ind2="0" tag="245"><subfield code="a">Democratic herald.</subfield></datafield><datafield ind1=" " ind2=" " tag="260"><subfield code="a">Circleville, Ohio :</subfield><subfield code="b">Murphy &amp; Darst,</subfield><subfield code="c">1888-</subfield></datafield><datafield ind1=" " ind2=" " tag="310"><subfield code="a">Weekly</subfield></datafield><datafield ind1="0" ind2=" " tag="362"><subfield code="a">Vol. 19, no. 29 (July 25, 1888)-</subfield></datafield><datafield ind1="1" ind2=" " tag="362"><subfield code="a">Ceased in 1909?</subfield></datafield><datafield ind1=" " ind2=" " tag="580"><subfield code="a">Daily ed.: Circleville herald (Circleville, Ohio : 1883).</subfield></datafield><datafield ind1=" " ind2=" " tag="752"><subfield code="a">United States</subfield><subfield code="b">Ohio</subfield><subfield code="c">Pickaway</subfield><subfield code="d">Circleville.</subfield></datafield><datafield ind1="1" ind2=" " tag="775"><subfield code="t">Circleville herald (Circleville, Ohio : 1883)</subfield><subfield code="w">(DLC)sn 85038072</subfield></datafield><datafield ind1="0" ind2="0" tag="780"><subfield code="t">Circleville Democratic herald</subfield><subfield code="w">(DLC)sn 88077614</subfield></datafield></record>